@preamble{ " \newcommand{\noop}[1]{} " }

@misc{anaNoteMFasel,
  Title                    = {{Jet substructure in pp collisions at $\sqrt{s}$ = 13 TeV}},
  Author                   = {Markus Fasel},

  Month                    = {September},
  Year                     = {2018},

  Collaboration            = {ALICE Collaboration},
  Owner                    = {mfasel},
  Timestamp                = {2019.10.28},
  Url                      = {https://alice-notes.web.cern.ch/node/853},
  note                     = {\noop{}}
}

@misc{anaNoteHHassan,
  Title                    = {{Measuring the b--jet and c--jet cross sections and nuclear modification factor in p--Pb collisions at $\sqrt{s_{NN}}$ = 5.02 TeV with ALICE}},
  Author                   = {Hadi Hassan},

  Month                    = {March},
  Year                     = {2021},

  Collaboration            = {ALICE Collaboration},
  Owner                    = {hahassan},
  Timestamp                = {2021.03.23},
  Url                      = {https://alice-notes.web.cern.ch/node/1004},
  note                     = {\noop{}}
}

@article{roounfold,
  doi = {10.48550/ARXIV.1105.1160},
  
  url = {https://arxiv.org/abs/1105.1160},
  
  author = {Adye, Tim},
  
  keywords = {Data Analysis, Statistics and Probability (physics.data-an), High Energy Physics - Experiment (hep-ex), FOS: Physical sciences, FOS: Physical sciences},
  
  title = {Unfolding algorithms and tests using RooUnfold},
  
  publisher = {arXiv},
  
  year = {2011},
  
  copyright = {Creative Commons Attribution 3.0 Unported}
}

@Article{ Aamodt:2008zz,
	author = "K. Aamodt and others",
	collaboration = "ALICE",
	title = "{The ALICE experiment at the CERN LHC}",
	journal = "JINST",
	volume = "3",
	year = "2008",
	pages = "S08002",
	doi = "10.1088/1748-0221/3/08/S08002"
}

@Book{ Fabjan:684651,
	author = "ALICE Collaboration",
	title = "{ALICE trigger data-acquisition high-level trigger and control system: Technical Design Report}",
	publisher = "CERN",
	address = "Geneva",
	series = "Technical Design Report ALICE",
	year = "2004"
}

@Book{ Cortese:879894,
	author = "ALICE Collaboration",
	title = "{ALICE physics performance: Technical Design Report}",
	publisher = "CERN",
	address = "Geneva",
	series = "Technical Design Report ALICE",
	year = "2005",
	note = "revised version submitted on 2006-05-29 15:15:40"
}

@Book{ Cortese:519145,
	author = "ALICE Collaboration",
	title = "{ALICE Transition-Radiation Detector (TRD): Technical Design Report}",
	publisher = "CERN",
	address = "Geneva",
	series = "Technical Design Report ALICE",
	year = "2001"
}

@Book{ TDRTOF,
	author = "ALICE Collaboration",
	title = "{ALICE Time-Of-Flight system (TOF): Technical Design Report}",
	publisher = "CERN",
	address = "Geneva",
	series = "Technical Design Report ALICE",
	year = "2000"
}

@Book{ TDRITS,
	author = "ALICE Collaboration",
	title = "{ALICE Inner Tracking System (ITS): Technical Design Report}",
	publisher = "CERN",
	address = "Geneva",
	series = "Technical Design Report ALICE",
	year = "1999",
	localfile = "alice\_its.ps.gz"
}

@Book{ Piuz:381431,
	author = "ALICE Collaboration",
	title = "{ALICE High-Momentum Particle Identification (HMPID): Technical Design Report}",
	publisher = "CERN",
	address = "Geneva",
	series = "Technical Design Report ALICE",
	year = "1998"
}

@Book{ Man'ko:381432,
	author = "ALICE Collaboration",
	title = "{ALICE Photon Spectrometer (PHOS): Technical Design Report}",
	publisher = "CERN",
	address = "Geneva",
	series = "Technical Design Report ALICE",
	year = "1999"
}

@Book{ Cortese:1121574,
	author = "ALICE Collaboration",
	title = "{ALICE Electromagnetic Calorimeter (EMCal): Technical Design Report}",
	institution = "CERN",
	address = "Geneva",
	number = "CERN-LHCC-2008-014. ALICE-TDR-014",
	month = "Aug",
	year = "2008",
	localfile = "alice\_emcal.pdf"
}

@misc{ ConvSoftware,
	title = "{ALICE Conversion Software}",
	url = "http://alisoft.cern.ch/viewvc/branches/v4-18-Release/PWG4/GammaConv/",
	author = "A. Mar{\'i}n and K. Aamodt and K. Koch",
	year = {\noop{}}
}	

@Electronic{ LHCweb,
	title = "LHC webpage",
	url = "http://lhc.wb.cern.ch/lhc/"
}

@Electronic{ ALICEweb,
	title = "ALICE webpage",
	url = "http://aliceinfo.cern.ch/static/Documents"
}

@Book{ TDRTPC,
	title = "ALICE Time Projection Chamber (TPC): Technical Design Report",
	series = "Technical Design Report ALICE",
	author = "ALICE Collaboration",
	publisher = "CERN",
	address = "Geneva",
	year = "2000"
}

@article{CMSPDFConstraints,
	doi = {10.1140/epjc/s10052-015-3499-1},
	url = {https://doi.org/10.1140%2Fepjc%2Fs10052-015-3499-1},
	year = 2015,
	month = {jun},
	publisher = {Springer Science and Business Media {LLC}
},
	volume = {75},
	number = {6},
	author = {CMS Collaboration},
	title = {Constraints on parton distribution functions and extraction of the strong coupling constant from the inclusive jet cross section in pp collisions at 
		                {\textdollar}{\textdollar}{\textbackslash}sqrt$\lbrace$s$\rbrace$ = 7{\textdollar}{\textdollar}
		                        s
		                      =
		                      7
		                {\textdollar}{\textdollar}{\textbackslash},
  {\textbackslash}text $\lbrace${TeV}$\rbrace${\textdollar}{\textdollar}
		                      {TeV}},
  
	journal = {The European Physical Journal C}
}

@misc{EMCalPerformance2022,
  doi = {10.48550/ARXIV.1008.0413},
  
  url = {https://arxiv.org/abs/1008.0413},
  
  author = {Bellwied, Rene},
  
  keywords = {Instrumentation and Detectors (physics.ins-det), High Energy Physics - Experiment (hep-ex), Nuclear Experiment (nucl-ex), FOS: Physical sciences, FOS: Physical sciences},
  
  title = {ALICE EMCal Physics Performance Report},
  
  publisher = {arXiv},
  
  year = {2010},
  
  copyright = {arXiv.org perpetual, non-exclusive license}
}

@misc{JIRATicket,
  title = {JIRA Ticket},
  url = {https://alice.its.cern.ch/jira/browse/PWGJE-38},
  author = {Schmier, Austin},
  year = {\noop{}}
}

@misc{EMCalPerformance,
  doi = {10.48550/ARXIV.2209.04216},
  
  url = {https://arxiv.org/abs/2209.04216},
  
  author = {{ALICE Collaboration}
},
  
  keywords = {Instrumentation and Detectors (physics.ins-det), High Energy Physics - Experiment (hep-ex), Nuclear Experiment (nucl-ex), FOS: Physical sciences, FOS: Physical sciences},
  
  title = {Performance of the ALICE Electromagnetic Calorimeter},
  
  publisher = {arXiv},
  
  year = {2022},
  
  copyright = {Creative Commons Attribution 4.0 International}
}