% Encoding: UTF-8

@Article{Huss:2020whe,
  author        = {Huss, Alexander and Kurkela, Aleksi and Mazeliauskas, Aleksas and Paatelainen, Risto and van der Schee, Wilke and Wiedemann, Urs Achim},
  title         = {{Predicting parton energy loss in small collision systems}},
  journal       = {Phys. Rev. C},
  year          = {2021},
  volume        = {103},
  number        = {5},
  pages         = {054903},
  archiveprefix = {arXiv},
  doi           = {10.1103/PhysRevC.103.054903},
  eprint        = {2007.13758},
  primaryclass  = {hep-ph},
  reportnumber  = {CERN-TH-2020-127},
}
@article{Brambilla:2014jmp,
    author = "Brambilla, N. and others",
    title = "{QCD and strongly coupled gauge theories: challenges and perspectives}",
    eprint = "1404.3723",
    archivePrefix = "arXiv",
    primaryClass = "hep-ph",
    reportNumber = "CCQCN-2014-24, CCTP-2014-5, CERN-PH-TH-2014-033, DF-1-2014, HIP-2014-03-TH, ITEP-LAT-2014-1, JLAB-THY-14-1865, MITP-14-016, NT@UW-14-04, RUB-TPII-01-2014, TUM-EFT-46-14, FERMILAB-PUB-14-024-T, LLNL-JRNL-651216, UWTHPH-2014-006",
    doi = "10.1140/epjc/s10052-014-2981-5",
    journal = "Eur. Phys. J. C",
    volume = "74",
    number = "10",
    pages = "2981",
    year = "2014"
}
@article{paper,
    author = "Acharya, Shreyasi and others",
    collaboration = "ALICE",
    title = "{Nuclear modification factor of light neutral mesons up to high transverse momentum in \pPb\ collisions at $\snn$=8.16~TeV}",
    eprint = "xxx",
    archivePrefix = "arXiv",
    primaryClass = "nucl-ex",
    reportNumber = "CERN-EP-2020-xxx",
    year = "2020"
}

@article{Lafferty:1994cj,
    author = "Lafferty, G.D. and Wyatt, T.R.",
    title = "{Where to stick your data points: The treatment of measurements within wide bins}",
    reportNumber = "MAN-HEP-94-3, CERN-PPE-94-72, CERN-PPE-94-072",
    doi = "10.1016/0168-9002(94)01112-5",
    journal = "Nucl. Instrum. Meth. A",
    volume = "355",
    pages = "541--547",
    year = "1995"
}

@article{Acharya:2018hzf,
    author = "Acharya, Shreyasi and others",
    collaboration = "ALICE",
    title = "{Neutral pion and $\eta$ meson production in \pPb\ collisions at $\snn=5.02$ TeV}",
    eprint = "1801.07051",
    archivePrefix = "arXiv",
    primaryClass = "nucl-ex",
    reportNumber = "CERN-EP-2018-002",
    doi = "10.1140/epjc/s10052-018-6013-8",
    journal = "Eur. Phys. J. C",
    volume = "78",
    number = "8",
    pages = "624",
    year = "2018"
}
@article{Dahms:2006zg,
    author = "Dahms, Torsten",
    editor = "Antinori, F. and Bass, S. and De Falco, A. and Kuhn, C. and Nardi, M. and Peitzmann, T. and Ullrich, T. and Velkovska, J. and Wiedemann, U.A.",
    collaboration = "PHENIX",
    title = "{Measurement of photons via conversion pairs in s(NN)**(1/2) = 200-GeV Au+Au collisions with the PHENIX experiment at RHIC}",
    eprint = "nucl-ex/0608009",
    archivePrefix = "arXiv",
    doi = "10.1140/epjc/s10052-006-0089-2",
    journal = "Eur. Phys. J. C",
    volume = "49",
    pages = "249--253",
    year = "2007"
}

@article{Acharya:2019jkx,
    author = "Acharya, Shreyasi and others",
    collaboration = "ALICE",
    title = "{Measurement of the inclusive isolated photon production cross section in pp collisions at $\sqrt{s}$ = 7 TeV}",
    eprint = "1906.01371",
    archivePrefix = "arXiv",
    primaryClass = "nucl-ex",
    reportNumber = "CERN-EP-2019-117",
    doi = "10.1140/epjc/s10052-019-7389-9",
    journal = "Eur. Phys. J. C",
    volume = "79",
    number = "11",
    pages = "896",
    year = "2019"
}

@article{Allen:2009aa,
    author = "Allen, J. and others",
    collaboration = "ALICE EMCal",
    title = "{Performance of prototypes for the ALICE electromagnetic calorimeter}",
    eprint = "0912.2005",
    archivePrefix = "arXiv",
    primaryClass = "physics.ins-det",
    doi = "10.1016/j.nima.2009.12.061",
    journal = "Nucl. Instrum. Meth. A",
    volume = "615",
    pages = "6--13",
    year = "2010"
}

@Article{suppNote,
  author        = {Acharya, Shreyasi and others},
  title         = {{Supplemental material for ``Nuclear modification factor of light neutral mesons up to high transverse momentum in p--Pb collisions at $\snn=8.16$~TeV"}},
  year          = {2021},
  month         = {Aug},
  collaboration = {ALICE},
  reportnumber  = {CERN-EP-2021-053},
  journal       = {CERN-EP-2021-053},
  url           = {https://cds.cern.ch/record/2759761},
}

@misc{suppPrl,
  note = {See supplemental material at {\href{http://link.aps.org/supplemental/xxxx}{http://link.aps.org/supplemental/xxxx}} for details on the data samples; for determination of the trigger rejection factors; for figures of selected invariant mass and $\sigma_\mathrm{long}^2$ distributions; for figures of detailed correction factors; for tabulated systematic uncertainties; and for the spectra fit parameters}
}

@Article{ALICE-PUBLIC-2018-002,
  author        = {Acharya, S. and others},
  title         = {{ALICE luminosity determination for \pPb\ collisions at $\snn=8.16$ TeV}},
  year          = {2018},
  month         = {Apr},
  collaboration = {ALICE},
  report        = {ALICE-PUBLIC-2018-002},
  url           = {https://cds.cern.ch/record/2314660},
}

@Article{ALICE-PUBLIC-2017-002,
  author        = {Acharya, S. et al.},
  title         = {{ALICE luminosity determination for pp collisions at $\sqrt{s}=8$ TeV}},
  year          = {2017},
  month         = {Mar},
  collaboration = {ALICE},
  report        = {ALICE-PUBLIC-2017-002},
  url           = {https://cds.cern.ch/record/2255216},
}

@article{Abbas:2013taa,
    author = "Abbas, E. and others",
    collaboration = "ALICE",
    title = "{Performance of the ALICE VZERO system}",
    eprint = "1306.3130",
    archivePrefix = "arXiv",
    primaryClass = "nucl-ex",
    reportNumber = "CERN-PH-EP-2013-082",
    doi = "10.1088/1748-0221/8/10/P10016",
    journal = "JINST",
    volume = "8",
    pages = "P10016",
    year = "2013"
}
@article{Beole:2012asa,
    author = "Beol√®, S.",
    editor = "Liu, Ted",
    collaboration = "ALICE",
    title = "{The ALICE Inner Tracking System: Performance with proton and lead beams}",
    doi = "10.1016/j.phpro.2012.02.443",
    journal = "Phys. Procedia",
    volume = "37",
    pages = "1062--1069",
    year = "2012"
}

@Article{Allen:2010stl,
  author = {Allen, J. and others},
  title  = {{ALICE DCal: An Addendum to the EMCal Technical Design Report Di-Jet and Hadron-Jet correlation measurements in ALICE}},
  year   = {2010},
  month  = {6},
  report = {CERN-LHCC-2010-011. ALICE-TDR-14-add-1},
  url    = {http://cds.cern.ch/record/1272952},
}
@article{Engel:1995sb,
      author         = "Engel, R. and Ranft, J. and Roesler, S.",
      title          = "{Hard diffraction in hadron hadron interactions and in photoproduction}",
      journal        = "Phys. Rev.",
      volume         = "D52",
      year           = "1995",
      pages          = "1459-1468",
      doi            = "10.1103/PhysRevD.52.1459",
      eprint         = "hep-ph/9502319",
      archivePrefix  = "arXiv",
      primaryClass   = "hep-ph",
      reportNumber   = "SI-95-16",
      SLACcitation   = "%%CITATION = HEP-PH/9502319;%%"
}
@article{Sjostrand:2007gs,
      author         = "Sjostrand, Torbjorn and Mrenna, Stephen and Skands, Peter Z.",
      title          = "{A brief introduction to PYTHIA 8.1}",
      journal        = "Comput. Phys. Commun.",
      volume         = "178",
      year           = "2008",
      pages          = "852-867",
      doi            = "10.1016/j.cpc.2008.01.036",
      eprint         = "0710.3820",
      archivePrefix  = "arXiv",
      primaryClass   = "hep-ph",
      reportNumber   = "CERN-LCGAPP-2007-04, LU-TP-07-28,
                        FERMILAB-PUB-07-512-CD-T",
      SLACcitation   = "%%CITATION = ARXIV:0710.3820;%%"
}
@article{Abelev:2012sea,
      author         = "Abelev, Betty and others",
      title          = "{Measurement of inelastic, single- and double-diffraction cross sections in proton--proton collisions at the LHC with ALICE}",
      collaboration  = "ALICE",
      journal        = "Eur. Phys. J.",
      volume         = "C73",
      year           = "2013",
      number         = "6",
      pages          = "2456",
      doi            = "10.1140/epjc/s10052-013-2456-0",
      eprint         = "1208.4968",
      archivePrefix  = "arXiv",
      primaryClass   = "hep-ex",
      reportNumber   = "CERN-PH-EP-2012-138 [SIC!], CERN-PH-EP-2012-238",
      SLACcitation   = "%%CITATION = ARXIV:1208.4968;%%"
}
@article{Aamodt:2010aa,
      author         = "Aamodt, K and others",
      title          = "{Alignment of the ALICE Inner Tracking System with cosmic-ray tracks}",
      collaboration  = "ALICE",
      journal        = "JINST",
      volume         = "5",
      year           = "2010",
      pages          = "P03003",
      doi            = "10.1088/1748-0221/5/03/P03003",
      eprint         = "1001.0502",
      archivePrefix  = "arXiv",
      primaryClass   = "physics.ins-det",
      SLACcitation   = "%%CITATION = ARXIV:1001.0502;%%"
}
@article{Alme:2010ke,
      author         = "Alme, J. and others",
      title          = "{The ALICE TPC, a large 3-dimensional tracking device with fast readout for ultra-high multiplicity events}",
      journal        = "Nucl. Instrum. Meth.",
      volume         = "A622",
      year           = "2010",
      pages          = "316-367",
      doi            = "10.1016/j.nima.2010.04.042",
      eprint         = "1001.1950",
      archivePrefix  = "arXiv",
      primaryClass   = "physics.ins-det",
      SLACcitation   = "%%CITATION = ARXIV:1001.1950;%%"
}
@article{Abeysekara:2010ze,
      author         = "Abeysekara, U. and others",
      title          = "{ALICE EMCal Physics Performance Report}",
      collaboration  = "ALICE EMCal",
      year           = "2010",
      eprint         = "1008.0413",
      archivePrefix  = "arXiv",
      primaryClass   = "physics.ins-det",
      SLACcitation   = "%%CITATION = ARXIV:1008.0413;%%"
}
@article{Cortese:2008zza,
      author         = "Cortese, P. and others",
      title          = "{ALICE electromagnetic calorimeter technical design report}",
      collaboration  = "ALICE",
      year           = "2008",
      reportNumber   = "CERN-LHCC-2008-014, CERN-ALICE-TDR-014",
      SLACcitation   = "%%CITATION = CERN-LHCC-2008-014;%%"
}
@article{Cortese:2004aa,
      author         = "Cortese, P and others",
      title          = "{ALICE technical design report on forward detectors: FMD, T0 and V0}",
      collaboration  = "ALICE",
      year           = "2004",
      reportNumber   = "CERN-LHCC-2004-025",
      SLACcitation   = "%%CITATION = CERN-LHCC-2004-025;%%"
}

@Article{Abelev:2014ffa,
  author        = {Abelev, Bezverkhny and others},
  title         = {{Performance of the ALICE Experiment at the CERN LHC}},
  journal       = {Int. J. Mod. Phys.},
  year          = {2014},
  volume        = {A29},
  pages         = {1430044},
  archiveprefix = {arXiv},
  collaboration = {ALICE},
  doi           = {10.1142/S0217751X14300440},
  eprint        = {1402.4476},
  primaryclass  = {nucl-ex},
  reportnumber  = {CERN-PH-EP-2014-031},
  slaccitation  = {%%CITATION = ARXIV:1402.4476;%%},
}
@article{Aamodt:2008zz,
      author         = "Aamodt, K. and others",
      title          = "{The ALICE experiment at the CERN LHC}",
      collaboration  = "ALICE",
      journal        = "JINST",
      volume         = "3",
      year           = "2008",
      pages          = "S08002",
      doi            = "10.1088/1748-0221/3/08/S08002",
      SLACcitation   = "%%CITATION = JINST,3,S08002;%%"
}
@article{Aidala:2010bn,
      author         = "Aidala, Christine A. and Ellinghaus, Frank and Sassot,
                        Rodolfo and Seele, Joseph P. and Stratmann, Marco",
      title          = "{Global analysis of fragmentation functions for $\eta$ mesons}",
      journal        = "Phys. Rev.",
      volume         = "D83",
      year           = "2011",
      pages          = "034002",
      doi            = "10.1103/PhysRevD.83.034002",
      eprint         = "1009.6145",
      archivePrefix  = "arXiv",
      primaryClass   = "hep-ph",
      SLACcitation   = "%%CITATION = ARXIV:1009.6145;%%"
}
@article{Abelev:2014ypa,
      author         = "Abelev, Betty Bezverkhny and others",
      title          = "{Neutral pion production at midrapidity in \pp\ and \PbPb\ collisions at $\snn = 2.76$ TeV}",
      collaboration  = "ALICE",
      journal        = "Eur. Phys. J.",
      volume         = "C74",
      year           = "2014",
      number         = "10",
      pages          = "3108",
      doi            = "10.1140/epjc/s10052-014-3108-8",
      eprint         = "1405.3794",
      archivePrefix  = "arXiv",
      primaryClass   = "nucl-ex",
      reportNumber   = "CERN-PH-EP-2014-091",
      SLACcitation   = "%%CITATION = ARXIV:1405.3794;%%"
}
@article{Abelev:2012cn,
      author         = "Abelev, B. and others",
      title          = "{Neutral pion and $\eta$ meson production in proton--proton collisions at $\sqrt{s}=0.9$ TeV and $\sqrt{s}=7$ TeV}",
      collaboration  = "ALICE",
      journal        = "Phys. Lett.",
      volume         = "B717",
      year           = "2012",
      pages          = "162-172",
      doi            = "10.1016/j.physletb.2012.09.015",
      eprint         = "1205.5724",
      archivePrefix  = "arXiv",
      primaryClass   = "hep-ex",
      reportNumber   = "CERN-PH-EP-2012-001",
      SLACcitation   = "%%CITATION = ARXIV:1205.5724;%%"
}
@article{deFlorian:2014xna,
      author         = "de Florian, Daniel and Sassot, R. and Epele, Manuel and Hern√°ndez-Pinto, Roger J. and Stratmann, Marco",
      title          = "{Parton-to-pion fragmentation reloaded}",
      journal        = "Phys. Rev.",
      volume         = "D91",
      year           = "2015",
      number         = "1",
      pages          = "014035",
      doi            = "10.1103/PhysRevD.91.014035",
      eprint         = "1410.6027",
      archivePrefix  = "arXiv",
      primaryClass   = "hep-ph",
      SLACcitation   = "%%CITATION = ARXIV:1410.6027;%%"
}
@article{Acharya:2017tlv,
    author = "Acharya, Shreyasi and others",
    collaboration = "ALICE",
    title = "{$\pi^{0}$ and $\eta$ meson production in proton--proton collisions at $\sqrt{s}=8$ TeV}",
    eprint = "1708.08745",
    archivePrefix = "arXiv",
    primaryClass = "hep-ex",
    reportNumber = "CERN-EP-2017-216",
    doi = "10.1140/epjc/s10052-018-5612-8",
    journal = "Eur. Phys. J. C",
    volume = "78",
    number = "3",
    pages = "263",
    year = "2018"
}
@article{Adams:2003im,
    author = "Adams, J. and others",
    collaboration = "STAR",
    title = "{Evidence from \dAu\ measurements for final state suppression of high $\pt$ hadrons in \AuAu\ collisions at RHIC}",
    eprint = "nucl-ex/0306024",
    archivePrefix = "arXiv",
    doi = "10.1103/PhysRevLett.91.072304",
    journal = "Phys. Rev. Lett.",
    volume = "91",
    pages = "072304",
    year = "2003"
}

@Article{Qin:2015srf,
  author        = {Qin, Guang-You and Wang, Xin-Nian},
  title         = {{Jet quenching in high-energy heavy-ion collisions}},
  journal       = {Int. J. Mod. Phys. E},
  year          = {2015},
  volume        = {24},
  number        = {11},
  pages         = {1530014},
  archiveprefix = {arXiv},
  doi           = {10.1142/S0218301315300143},
  editor        = {Wang, Xin-Nian},
  eprint        = {1511.00790},
  primaryclass  = {hep-ph},
}
@article{Vitev:2007ve,
    author = "Vitev, Ivan",
    title = "{Non-Abelian energy loss in cold nuclear matter}",
    eprint = "hep-ph/0703002",
    archivePrefix = "arXiv",
    reportNumber = "LA-UR-07-1216",
    doi = "10.1103/PhysRevC.75.064906",
    journal = "Phys. Rev. C",
    volume = "75",
    pages = "064906",
    year = "2007"
}
@article{Lappi:2013zma,
    author = "Lappi, T. and M√§ntysaari, H.",
    title = "{Single inclusive particle production at high energy from HERA data to proton--nucleus collisions}",
    eprint = "1309.6963",
    archivePrefix = "arXiv",
    primaryClass = "hep-ph",
    doi = "10.1103/PhysRevD.88.114020",
    journal = "Phys. Rev. D",
    volume = "88",
    pages = "114020",
    year = "2013"
}
@article{Gelis:2010nm,
    author = "Gelis, Francois and Iancu, Edmond and Jalilian-Marian, Jamal and Venugopalan, Raju",
    title = "{The Color Glass Condensate}",
    eprint = "1002.0333",
    archivePrefix = "arXiv",
    primaryClass = "hep-ph",
    doi = "10.1146/annurev.nucl.010909.083629",
    journal = "Ann. Rev. Nucl. Part. Sci.",
    volume = "60",
    pages = "463--489",
    year = "2010"
}
@inbook{Iancu:2003xm,
    author = "Iancu, Edmond and Venugopalan, Raju",
    editor = "Hwa, Rudolph C. and Wang, Xin-Nian",
    title = "{The Color glass condensate and high-energy scattering in QCD}",
    booktitle = "{Quark-gluon plasma 4}",
    eprint = "hep-ph/0303204",
    archivePrefix = "arXiv",
    doi = "10.1142/9789812795533\_0005",
    pages = "249--3363",
    month = "3",
    year = "2003"
}
@article{Adler:2003ii,
    author = "Adler, S.S. and others",
    collaboration = "PHENIX",
    title = "{Absence of suppression in particle production at large transverse momentum in $\snn=200$ GeV \dAu\ collisions}",
    eprint = "nucl-ex/0306021",
    archivePrefix = "arXiv",
    doi = "10.1103/PhysRevLett.91.072303",
    journal = "Phys. Rev. Lett.",
    volume = "91",
    pages = "072303",
    year = "2003"
}
@article{Khachatryan:2016odn,
    author = "Khachatryan, Vardan and others",
    collaboration = "CMS",
    title = "{Charged-particle nuclear modification factors in \PbPb\ and \pPb\ collisions at $\snn=5.02$ TeV}",
    eprint = "1611.01664",
    archivePrefix = "arXiv",
    primaryClass = "nucl-ex",
    reportNumber = "CMS-HIN-15-015, CERN-EP-2016-242",
    doi = "10.1007/JHEP04(2017)039",
    journal = "JHEP",
    volume = "04",
    pages = "039",
    year = "2017"
}
@article{Aad:2016zif,
    author = "Aad, Georges and others",
    collaboration = "ATLAS",
    title = "{Transverse momentum, rapidity, and centrality dependence of inclusive charged-particle production in $\snn=5.02$ TeV \pPb\ collisions measured by the ATLAS experiment}",
    eprint = "1605.06436",
    archivePrefix = "arXiv",
    primaryClass = "hep-ex",
    reportNumber = "CERN-EP-2016-077",
    doi = "10.1016/j.physletb.2016.10.053",
    journal = "Phys. Lett. B",
    volume = "763",
    pages = "313--336",
    year = "2016"
}

@Article{Abelev:2014dsa,
  author        = {Abelev, Bezverkhny and others},
  title         = {{Transverse momentum dependence of inclusive primary charged-particle production in \pPb\ collisions at $\snn=5.02$ TeV}},
  journal       = {Eur. Phys. J. C},
  year          = {2014},
  volume        = {74},
  number        = {9},
  pages         = {3054},
  archiveprefix = {arXiv},
  collaboration = {ALICE},
  doi           = {10.1140/epjc/s10052-014-3054-5},
  eprint        = {1405.2737},
  primaryclass  = {nucl-ex},
  reportnumber  = {CERN-PH-EP-2014-088},
}

@Article{Salgado:2011wc,
  author        = {Salgado, C.A. and others},
  title         = {{Proton--nucleus collisions at the LHC: Scientific opportunities and requirements}},
  journal       = {J. Phys. G},
  year          = {2012},
  volume        = {39},
  pages         = {015010},
  archiveprefix = {arXiv},
  doi           = {10.1088/0954-3899/39/1/015010},
  eprint        = {1105.3919},
  primaryclass  = {hep-ph},
  reportnumber  = {CERN-PH-TH-2011-119, LHC-PROJECT-REPORT-1181},
}
@article{Podolanski:1954,
  author    = {J. Podolanski and R. Armenteros},
  title     = {{III}. {Analysis} of {V}-events},
  journal   = {The London, Edinburgh, and Dublin Philosophical Magazine and Journal of Science},
  year      = {1954},
  volume    = {45},
  number    = {360},
  pages     = {13-30},
  doi       = {10.1080/14786440108520416},
  eprint    = {https://doi.org/10.1080/14786440108520416},
  publisher = {Taylor \& Francis},
}
@article{Lai:2010vv,
  author        = {Lai, Hung-Liang and Guzzi, Marco and Huston, Joey and Li, Zhao and Nadolsky, Pavel M. and Pumplin, Jon and Yuan, C.-P.},
  title         = {{New parton distributions for collider physics}},
  journal       = {Phys. Rev. D},
  year          = {2010},
  volume        = {82},
  pages         = {074024},
  archiveprefix = {arXiv},
  doi           = {10.1103/PhysRevD.82.074024},
  eprint        = {1007.2241},
  primaryclass  = {hep-ph},
  reportnumber  = {MSUHEP-100707, SMU-HEP-10-10},
}
@article{Skands:2014pea,
  author        = {Skands, Peter and Carrazza, Stefano and Rojo, Juan},
  title         = {{Tuning PYTHIA 8.1: the Monash 2013 Tune}},
  journal       = {Eur. Phys. J. C},
  year          = {2014},
  volume        = {74},
  number        = {8},
  pages         = {3024},
  archiveprefix = {arXiv},
  doi           = {10.1140/epjc/s10052-014-3024-y},
  eprint        = {1404.5630},
  primaryclass  = {hep-ph},
  reportnumber  = {CERN-PH-TH-2014-069, MCNET-14-08, OUTP-14-05P},
}
@article{Eskola:2016oht,
  author        = {Eskola, Kari J. and Paakkinen, Petja and Paukkunen, Hannu and Salgado, Carlos A.},
  title         = {{EPPS16: Nuclear parton distributions with LHC data}},
  journal       = {Eur. Phys. J. C},
  year          = {2017},
  volume        = {77},
  number        = {3},
  pages         = {163},
  archiveprefix = {arXiv},
  doi           = {10.1140/epjc/s10052-017-4725-9},
  eprint        = {1612.05741},
  primaryclass  = {hep-ph},
}
@article{Kovarik:2015cma,
  author        = {Kovarik, K. and others},
  title         = {{nCTEQ15 - Global analysis of nuclear parton distributions with uncertainties in the CTEQ framework}},
  journal       = {Phys. Rev. D},
  year          = {2016},
  volume        = {93},
  number        = {8},
  pages         = {085037},
  archiveprefix = {arXiv},
  doi           = {10.1103/PhysRevD.93.085037},
  eprint        = {1509.00792},
  primaryclass  = {hep-ph},
  reportnumber  = {LPSC-15-153, MS-TP-15-11, FERMILAB-PUB-15-375-ND-PPD-T},
}
@article{Acharya:2017hyu,
  author        = {Acharya, Shreyasi and others},
  title         = {{Production of ${\pi ^0}$ and $\eta $ mesons up to high transverse momentum in pp collisions at 2.76 TeV}},
  journal       = {Eur. Phys. J. C},
  year          = {2017},
  volume        = {77},
  number        = {5},
  pages         = {339},
  archiveprefix = {arXiv},
  collaboration = {ALICE},
  doi           = {10.1140/epjc/s10052-017-4890-x},
  eprint        = {1702.00917},
  primaryclass  = {hep-ex},
  reportnumber  = {CERN-EP-2017-019},
}
@article{Alioli:2008gx,
  author        = {Alioli, Simone and Nason, Paolo and Oleari, Carlo and Re, Emanuele},
  title         = {{NLO vector-boson production matched with shower in POWHEG}},
  journal       = {JHEP},
  year          = {2008},
  volume        = {07},
  pages         = {060},
  archiveprefix = {arXiv},
  doi           = {10.1088/1126-6708/2008/07/060},
  eprint        = {0805.4802},
  primaryclass  = {hep-ph},
  reportnumber  = {NSF-KITP-08-74},
}
@article{Alioli:2010xd,
  author        = {Alioli, Simone and Nason, Paolo and Oleari, Carlo and Re, Emanuele},
  title         = {{A general framework for implementing NLO calculations in shower Monte Carlo programs: the POWHEG BOX}},
  journal       = {JHEP},
  year          = {2010},
  volume        = {06},
  pages         = {043},
  archiveprefix = {arXiv},
  doi           = {10.1007/JHEP06(2010)043},
  eprint        = {1002.2581},
  primaryclass  = {hep-ph},
  reportnumber  = {DESY-10-018, SFB-CPP-10-22, IPPP-10-11, DCPT-10-22},
}
@InProceedings{Roesler:2000he,
  author        = {Roesler, Stefan and Engel, Ralph and Ranft, Johannes},
  title         = {{The Monte Carlo event generator DPMJET-III}},
  booktitle     = {{International Conference on Advanced Monte Carlo for Radiation Physics, Particle Transport Simulation and Applications (MC 2000)}},
  year          = {2000},
  pages         = {1033--1038},
  month         = {12},
  archiveprefix = {arXiv},
  doi           = {10.1007/978-3-642-18211-2\_166},
  eprint        = {hep-ph/0012252},
  reportnumber  = {SLAC-PUB-8740},
}
@article{Acharya:2018dqe,
  author        = {Acharya, Shreyasi and others},
  title         = {{Direct photon production at low transverse momentum in proton-proton collisions at $\sqrt{s}=2.76$ and 8 TeV}},
  journal       = {Phys. Rev. C},
  year          = {2019},
  volume        = {99},
  number        = {2},
  pages         = {024912},
  archiveprefix = {arXiv},
  collaboration = {ALICE},
  doi           = {10.1103/PhysRevC.99.024912},
  eprint        = {1803.09857},
  primaryclass  = {nucl-ex},
  reportnumber  = {CERN-EP-2018-045},
}
@article{Valassi:2013bga,
  author        = {Valassi, Andrea and Chierici, Roberto},
  title         = {{Information and treatment of unknown correlations in the combination of measurements using the BLUE method}},
  journal       = {Eur. Phys. J. C},
  year          = {2014},
  volume        = {74},
  pages         = {2717},
  archiveprefix = {arXiv},
  doi           = {10.1140/epjc/s10052-014-2717-6},
  eprint        = {1307.4003},
  primaryclass  = {physics.data-an},
  reportnumber  = {CERN-IT-NOTE-2013-003},
}
@article{Lyons:1988rp,
  author       = {Lyons, Louis and Gibaut, Duncan and Clifford, Peter},
  title        = {{How to combine correlated estimates of a single physical quantity}},
  journal      = {Nucl. Instrum. Meth. A},
  year         = {1988},
  volume       = {270},
  pages        = {110},
  doi          = {10.1016/0168-9002(88)90018-6},
  reportnumber = {PRINT-88-0048 (OXFORD), OXFORD-NP-5-88},
}
@article{Bylinkin:2015xya,
  author        = {Bylinkin, Alexander and Chernyavskaya, Nadezda S. and Rostovtsev, Andrei A.},
  title         = {{Predictions on the transverse momentum spectra for charged particle production at LHC-energies from a two component model}},
  journal       = {Eur. Phys. J. C},
  year          = {2015},
  volume        = {75},
  number        = {4},
  pages         = {166},
  archiveprefix = {arXiv},
  doi           = {10.1140/epjc/s10052-015-3392-y},
  eprint        = {1501.05235},
  primaryclass  = {hep-ph},
}
@article{Tung:2006tb,
  author        = {Tung, W.K. and Lai, H.L. and Belyaev, A. and Pumplin, J. and Stump, D. and Yuan, C.-P.},
  title         = {{Heavy quark mass effects in deep inelastic Ssattering and global QCD analysis}},
  journal       = {JHEP},
  year          = {2007},
  volume        = {02},
  pages         = {053},
  archiveprefix = {arXiv},
  doi           = {10.1088/1126-6708/2007/02/053},
  eprint        = {hep-ph/0611254},
  reportnumber  = {MSU-HEP-0605},
}

@Article{Arleo:2020hat,
  author        = {Arleo, Fran\c{c}ois and Cougoulic, Florian and Peign\'e, St\'ephane},
  title         = {{Fully coherent energy loss effects on light hadron production in pA collisions}},
  journal       = {JHEP},
  year          = {2020},
  volume        = {09},
  pages         = {190},
  archiveprefix = {arXiv},
  doi           = {10.1007/JHEP09(2020)190},
  eprint        = {2003.06337},
  primaryclass  = {hep-ph},
}
@article{Acharya:2018qsh,
  author        = {Acharya, S. and others},
  title         = {{Transverse momentum spectra and nuclear modification factors of charged particles in \pp, \pPb\ and \PbPb\ collisions at the LHC}},
  journal       = {JHEP},
  year          = {2018},
  volume        = {11},
  pages         = {013},
  archiveprefix = {arXiv},
  collaboration = {ALICE},
  doi           = {10.1007/JHEP11(2018)013},
  eprint        = {1802.09145},
  primaryclass  = {nucl-ex},
  reportnumber  = {CERN-EP-2018-025},
}

@Article{Dellacasa:1999kd,
  author        = {Dellacasa, G. and others},
  title         = {{ALICE technical design report of the photon spectrometer (PHOS)}},
  year          = {1999},
  month         = {3},
  collaboration = {ALICE},
  report        = {CERN-LHCC-99-04},
  series        = {Technical Design Report ALICE},
  url           = {http://cds.cern.ch/record/381432},
}

@Article{Acharya:2019rum,
  author        = {Acharya, Shreyasi and others},
  title         = {{Calibration of the photon spectrometer PHOS of the ALICE experiment}},
  journal       = {JINST},
  year          = {2019},
  volume        = {14},
  number        = {05},
  pages         = {P05025},
  archiveprefix = {arXiv},
  collaboration = {ALICE},
  doi           = {10.1088/1748-0221/14/05/P05025},
  eprint        = {1902.06145},
  primaryclass  = {physics.ins-det},
  reportnumber  = {CERN-EP-2019-020},
}

@Article{Brun:1994aa,
  author    = {Brun, Ren√© and Bruyant, F and Carminati, Federico and Giani, Simone and Maire, M and McPherson, A and Patrick, G and Urban, L},
  title     = {{GEANT: Detector Description and Simulation Tool}},
  year      = {1993},
  address   = {Geneva},
  doi       = {10.17181/CERN.MUHF.DMJ1},
  publisher = {CERN},
  report    = {CERN-W5013},
  series    = {CERN Program Library},
  url       = {https://cds.cern.ch/record/1082634},
}

@Article{Dulat:2015mca,
  author        = {Dulat, Sayipjamal and Hou, Tie-Jiun and Gao, Jun and Guzzi, Marco and Huston, Joey and Nadolsky, Pavel and Pumplin, Jon and Schmidt, Carl and Stump, Daniel and Yuan, C.P.},
  title         = {{New parton distribution functions from a global analysis of quantum chromodynamics}},
  journal       = {Phys. Rev. D},
  year          = {2016},
  volume        = {93},
  number        = {3},
  pages         = {033006},
  archiveprefix = {arXiv},
  doi           = {10.1103/PhysRevD.93.033006},
  eprint        = {1506.07443},
  primaryclass  = {hep-ph},
}

@Article{Guzzi:2011sv,
  author        = {Guzzi, Marco and Nadolsky, Pavel and Berger, Edmond and Lai, Hung-Liang and Olness, Fredrick and Yuan, C. -P.},
  title         = {{CT10 parton distributions and other developments in the global QCD analysis}},
  year          = {2011},
  month         = {1},
  archiveprefix = {arXiv},
  eprint        = {1101.0561},
  primaryclass  = {hep-ph},
  reportnumber  = {SMU-HEP-10-11},
}

@Article{Cortese:2005qfz,
  author        = {Fabjan, Christian Wolfgang and others},
  title         = {{ALICE: Physics performance report, volume II}},
  journal       = {J. Phys. G},
  year          = {2006},
  volume        = {32},
  pages         = {1295--2040},
  collaboration = {ALICE},
  doi           = {10.1088/0954-3899/32/10/001},
  editor        = {Alessandro, B and others},
  reportnumber  = {ALICE-TDR-13, CERN-LHCC-2005-030},
}

@Article{PhysRevD.98.030001,
  author        = {Tanabashi, M. and others},
  title         = {Review of Particle Physics},
  journal       = {Phys. Rev. D},
  year          = {2018},
  volume        = {98},
  pages         = {030001},
  month         = {Aug},
  collaboration = {Particle Data Group},
  doi           = {10.1103/PhysRevD.98.030001},
  issue         = {3},
  numpages      = {1898},
  publisher     = {American Physical Society},
  url           = {https://link.aps.org/doi/10.1103/PhysRevD.98.030001},
}

@Article{Cronin:1974zm,
  author       = {Cronin, J. W. and Frisch, Henry J. and Shochet, M. J. and Boymond, J. P. and Mermod, R. and Piroue, P. A. and Sumner, Richard L.},
  title        = {{Production of hadrons with large transverse momentum at 200, 300, and 400 GeV}},
  journal      = {Phys. Rev. D},
  year         = {1975},
  volume       = {11},
  pages        = {3105--3123},
  doi          = {10.1103/PhysRevD.11.3105},
  editor       = {Smith, J. R.},
  reportnumber = {PRINT-74-1181 (EFI,CHICAGO), FERMILAB-CONF-74-148-E},
}

@Article{Rezaeian:2008ys,
  author        = {Rezaeian, A. H. and Lu, Zhun},
  title         = {{Cronin effect for protons and pions in high-energy pA collisions}},
  journal       = {Nucl. Phys. A},
  year          = {2009},
  volume        = {826},
  pages         = {198--210},
  archiveprefix = {arXiv},
  doi           = {10.1016/j.nuclphysa.2009.05.073},
  eprint        = {0810.4942},
  primaryclass  = {hep-ph},
  reportnumber  = {USM-TH-239},
}

@Article{Hou:2019efy,
  author        = {Hou, Tie-Jiun and others},
  title         = {{New CTEQ global analysis of quantum chromodynamics with high-precision data from the LHC}},
  journal       = {Phys. Rev. D},
  year          = {2021},
  volume        = {103},
  number        = {1},
  pages         = {014013},
  archiveprefix = {arXiv},
  doi           = {10.1103/PhysRevD.103.014013},
  eprint        = {1912.10053},
  primaryclass  = {hep-ph},
  reportnumber  = {MSUHEP-19-025, PITT-PACC-1911, SMU-HEP-19-03},
}

@Article{Bertone:2017tyb,
  author        = {Bertone, Valerio and Carrazza, Stefano and Hartland, Nathan P. and Nocera, Emanuele R. and Rojo, Juan},
  title         = {{A determination of the fragmentation functions of pions, kaons, and protons with faithful uncertainties}},
  journal       = {Eur. Phys. J. C},
  year          = {2017},
  volume        = {77},
  number        = {8},
  pages         = {516},
  archiveprefix = {arXiv},
  collaboration = {NNPDF},
  doi           = {10.1140/epjc/s10052-017-5088-y},
  eprint        = {1706.07049},
  primaryclass  = {hep-ph},
  reportnumber  = {CERN-TH-2017-122, OUTP-16-15P, NIKHEF-2016-047},
}

@Article{ALICE:2014dwt,
  author        = {Abelev, Betty Bezverkhny and others},
  title         = {{Multiparticle azimuthal correlations in p -Pb and Pb-Pb collisions at the CERN Large Hadron Collider}},
  journal       = {Phys. Rev. C},
  year          = {2014},
  volume        = {90},
  number        = {5},
  pages         = {054901},
  archiveprefix = {arXiv},
  collaboration = {ALICE},
  doi           = {10.1103/PhysRevC.90.054901},
  eprint        = {1406.2474},
  primaryclass  = {nucl-ex},
  reportnumber  = {CERN-PH-EP-2014-105},
}

@Article{CMS:2015yux,
  author        = {Khachatryan, Vardan and others},
  title         = {{Evidence for Collective Multiparticle Correlations in p-Pb Collisions}},
  journal       = {Phys. Rev. Lett.},
  year          = {2015},
  volume        = {115},
  number        = {1},
  pages         = {012301},
  archiveprefix = {arXiv},
  collaboration = {CMS},
  doi           = {10.1103/PhysRevLett.115.012301},
  eprint        = {1502.05382},
  primaryclass  = {nucl-ex},
  reportnumber  = {CMS-HIN-14-006, CERN-PH-EP-2015-011},
}

@Article{CMS:2017kcs,
  author        = {Sirunyan, Albert M and others},
  title         = {{Observation of Correlated Azimuthal Anisotropy Fourier Harmonics in $pp$ and $p+Pb$ Collisions at the LHC}},
  journal       = {Phys. Rev. Lett.},
  year          = {2018},
  volume        = {120},
  number        = {9},
  pages         = {092301},
  archiveprefix = {arXiv},
  collaboration = {CMS},
  doi           = {10.1103/PhysRevLett.120.092301},
  eprint        = {1709.09189},
  primaryclass  = {nucl-ex},
  reportnumber  = {CMS-HIN-16-022, CERN-EP-2017-220},
}

@Comment{jabref-meta: databaseType:bibtex;}
